
@ARTICLE{Graur17,
   author = {{Graur}, O. and {Bianco}, F.~B. and {Huang}, S. and {Modjaz}, M. and 
    {Shivvers}, I. and {Filippenko}, A.~V. and {Li}, W. and {Eldridge}, J.~J.
    },
    title = "{LOSS Revisited. I. Unraveling Correlations Between Supernova Rates and Galaxy Properties, as Measured in a Reanalysis of the Lick Observatory Supernova Search}",
  journal = {\apj},
archivePrefix = "arXiv",
   eprint = {1609.02921},
 primaryClass = "astro-ph.HE",
 keywords = {catalogs, galaxies: fundamental parameters, supernovae: general, surveys},
     year = 2017,
    month = mar,
   volume = 837,
      eid = {120},
    pages = {120},
      doi = {10.3847/1538-4357/aa5eb8},
   adsurl = {http://adsabs.harvard.edu/abs/2017ApJ...837..120G},
  adsnote = {Provided by the SAO/NASA Astrophysics Data System}
}

@ARTICLE{Leaman11,
   author = {{Leaman}, J. and {Li}, W. and {Chornock}, R. and {Filippenko}, A.~V.
    },
    title = "{Nearby supernova rates from the Lick Observatory Supernova Search - I. The methods and data base}",
  journal = {\mnras},
archivePrefix = "arXiv",
   eprint = {1006.4611},
 primaryClass = "astro-ph.SR",
 keywords = {surveys, supernovae: general, galaxies: evolution},
     year = 2011,
    month = apr,
   volume = 412,
    pages = {1419-1440},
      doi = {10.1111/j.1365-2966.2011.18158.x},
   adsurl = {http://adsabs.harvard.edu/abs/2011MNRAS.412.1419L},
  adsnote = {Provided by the SAO/NASA Astrophysics Data System}
}

@ARTICLE{Walter08,
   author = {{Walter}, F. and {Brinks}, E. and {de Blok}, W.~J.~G. and {Bigiel}, F. and 
    {Kennicutt}, Jr., R.~C. and {Thornley}, M.~D. and {Leroy}, A.
    },
    title = "{THINGS: The H I Nearby Galaxy Survey}",
  journal = {\aj},
archivePrefix = "arXiv",
   eprint = {0810.2125},
 keywords = {galaxies: ISM, galaxies: structure, ISM: atoms, ISM: general, radio lines: galaxies, surveys},
     year = 2008,
    month = dec,
   volume = 136,
      eid = {2563-2647},
    pages = {2563-2647},
      doi = {10.1088/0004-6256/136/6/2563},
   adsurl = {http://adsabs.harvard.edu/abs/2008AJ....136.2563W},
  adsnote = {Provided by the SAO/NASA Astrophysics Data System}
}

@ARTICLE{Thilker07,
   author = {{Thilker}, D.~A. and {Bianchi}, L. and {Meurer}, G. and {Gil de Paz}, A. and 
    {Boissier}, S. and {Madore}, B.~F. and {Boselli}, A. and {Ferguson}, A.~M.~N. and 
    {Mu{\~n}oz-Mateos}, J.~C. and {Madsen}, G.~J. and {Hameed}, S. and 
    {Overzier}, R.~A. and {Forster}, K. and {Friedman}, P.~G. and 
    {Martin}, D.~C. and {Morrissey}, P. and {Neff}, S.~G. and {Schiminovich}, D. and 
    {Seibert}, M. and {Small}, T. and {Wyder}, T.~K. and {Donas}, J. and 
    {Heckman}, T.~M. and {Lee}, Y.-W. and {Milliard}, B. and {Rich}, R.~M. and 
    {Szalay}, A.~S. and {Welsh}, B.~Y. and {Yi}, S.~K.},
    title = "{A Search for Extended Ultraviolet Disk (XUV-Disk) Galaxies in the Local Universe}",
  journal = {\apjs},
archivePrefix = "arXiv",
   eprint = {0712.3555},
 keywords = {Galaxies: Evolution, Ultraviolet: Galaxies},
     year = 2007,
    month = dec,
   volume = 173,
    pages = {538-571},
      doi = {10.1086/523853},
   adsurl = {http://adsabs.harvard.edu/abs/2007ApJS..173..538T},
  adsnote = {Provided by the SAO/NASA Astrophysics Data System}
}

@ARTICLE{Bigiel10,
   author = {{Bigiel}, F. and {Leroy}, A. and {Seibert}, M. and {Walter}, F. and 
    {Blitz}, L. and {Thilker}, D. and {Madore}, B.},
    title = "{Tightly Correlated H I and FUV Emission in the Outskirts of M83}",
  journal = {\apjl},
archivePrefix = "arXiv",
   eprint = {1007.4550},
 keywords = {galaxies: evolution, galaxies: individual: M83, galaxies: ISM, radio lines: galaxies, stars: formation},
     year = 2010,
    month = sep,
   volume = 720,
    pages = {L31-L35},
      doi = {10.1088/2041-8205/720/1/L31},
   adsurl = {http://adsabs.harvard.edu/abs/2010ApJ...720L..31B},
  adsnote = {Provided by the SAO/NASA Astrophysics Data System}
}

@ARTICLE{Abbott16,
   author = {{Abbott}, B.~P. and {Abbott}, R. and {Abbott}, T.~D. and {Abernathy}, M.~R. and 
    {Acernese}, F. and {Ackley}, K. and {Adams}, C. and {Adams}, T. and 
    {Addesso}, P. and {Adhikari}, R.~X. and et al.},
    title = "{Binary Black Hole Mergers in the First Advanced LIGO Observing Run}",
  journal = {Physical Review X},
archivePrefix = "arXiv",
   eprint = {1606.04856},
 primaryClass = "gr-qc",
     year = 2016,
    month = oct,
   volume = 6,
   number = 4,
      eid = {041015},
    pages = {041015},
      doi = {10.1103/PhysRevX.6.041015},
   adsurl = {http://adsabs.harvard.edu/abs/2016PhRvX...6d1015A},
  adsnote = {Provided by the SAO/NASA Astrophysics Data System}
}

@ARTICLE{Abbott17,
   author = {{Abbott}, B.~P. and {Abbott}, R. and {Abbott}, T.~D. and {Acernese}, F. and 
    {Ackley}, K. and {Adams}, C. and {Adams}, T. and {Addesso}, P. and 
    {Adhikari}, R.~X. and {Adya}, V.~B. and et al.},
    title = "{GW170814: A Three-Detector Observation of Gravitational Waves from a Binary Black Hole Coalescence}",
  journal = {Physical Review Letters},
archivePrefix = "arXiv",
   eprint = {1709.09660},
 primaryClass = "gr-qc",
     year = 2017,
    month = oct,
   volume = 119,
   number = 14,
      eid = {141101},
    pages = {141101},
      doi = {10.1103/PhysRevLett.119.141101},
   adsurl = {http://adsabs.harvard.edu/abs/2017PhRvL.119n1101A},
  adsnote = {Provided by the SAO/NASA Astrophysics Data System}
}

@ARTICLE{Belczynski16,
   author = {{Belczynski}, K. and {Repetto}, S. and {Holz}, D.~E. and {O'Shaughnessy}, R. and 
    {Bulik}, T. and {Berti}, E. and {Fryer}, C. and {Dominik}, M.
    },
    title = "{Compact Binary Merger Rates: Comparison with LIGO/Virgo Upper Limits}",
  journal = {\apj},
archivePrefix = "arXiv",
   eprint = {1510.04615},
 primaryClass = "astro-ph.HE",
 keywords = {binaries: close, gravitation, stars: evolution, stars: neutron},
     year = 2016,
    month = mar,
   volume = 819,
      eid = {108},
    pages = {108},
      doi = {10.3847/0004-637X/819/2/108},
   adsurl = {http://adsabs.harvard.edu/abs/2016ApJ...819..108B},
  adsnote = {Provided by the SAO/NASA Astrophysics Data System}
}

@ARTICLE{Lamberts16,
   author = {{Lamberts}, A. and {Garrison-Kimmel}, S. and {Clausen}, D.~R. and 
    {Hopkins}, P.~F.},
    title = "{When and where did GW150914 form?}",
  journal = {\mnras},
archivePrefix = "arXiv",
   eprint = {1605.08783},
 primaryClass = "astro-ph.HE",
 keywords = {gravitational waves, binaries: close, stars: black holes, stars: evolution, galaxies: abundances, galaxies: stellar content},
     year = 2016,
    month = nov,
   volume = 463,
    pages = {L31-L35},
      doi = {10.1093/mnrasl/slw152},
   adsurl = {http://adsabs.harvard.edu/abs/2016MNRAS.463L..31L},
  adsnote = {Provided by the SAO/NASA Astrophysics Data System}
}

@ARTICLE{OShaughnessy17,
   author = {{O'Shaughnessy}, R. and {Bellovary}, J.~M. and {Brooks}, A. and 
    {Shen}, S. and {Governato}, F. and {Christensen}, C.~R.},
    title = "{The effects of host galaxy properties on merging compact binaries detectable by LIGO}",
  journal = {\mnras},
archivePrefix = "arXiv",
   eprint = {1609.06715},
 keywords = {black hole physics, gravitational waves, galaxies: evolution},
     year = 2017,
    month = jan,
   volume = 464,
    pages = {2831-2839},
      doi = {10.1093/mnras/stw2550},
   adsurl = {http://adsabs.harvard.edu/abs/2017MNRAS.464.2831O},
  adsnote = {Provided by the SAO/NASA Astrophysics Data System}
}

@ARTICLE{Chakrabarti17,
   author = {{Chakrabarti}, S. and {Chang}, P. and {O'Shaughnessy}, R. and 
    {Brooks}, A.~M. and {Shen}, S. and {Bellovary}, J. and {Gladysz}, W. and 
    {Belczynski}, C.},
    title = "{The Contribution of Outer H I Disks to the Merging Binary Black Hole Population}",
  journal = {\apjl},
archivePrefix = "arXiv",
   eprint = {1710.09407},
 keywords = {cosmological parameters, galaxies: dwarf, galaxies: spiral, gravitational waves, stars: black holes},
     year = 2017,
    month = nov,
   volume = 850,
      eid = {L4},
    pages = {L4},
      doi = {10.3847/2041-8213/aa9655},
   adsurl = {http://adsabs.harvard.edu/abs/2017ApJ...850L...4C},
  adsnote = {Provided by the SAO/NASA Astrophysics Data System}
}

@ARTICLE{Tamburro09,
   author = {{Tamburro}, D. and {Rix}, H.-W. and {Leroy}, A.~K. and {Mac Low}, M.-M. and 
    {Walter}, F. and {Kennicutt}, R.~C. and {Brinks}, E. and {de Blok}, W.~J.~G.
    },
    title = "{What is Driving the H I Velocity Dispersion?}",
  journal = {\aj},
archivePrefix = "arXiv",
   eprint = {0903.0183},
 primaryClass = "astro-ph.GA",
 keywords = {galaxies: dwarf, galaxies: evolution, galaxies: ISM, galaxies: kinematics and dynamics, galaxies: spiral, stars: formation},
     year = 2009,
    month = may,
   volume = 137,
    pages = {4424-4435},
      doi = {10.1088/0004-6256/137/5/4424},
   adsurl = {http://adsabs.harvard.edu/abs/2009AJ....137.4424T},
  adsnote = {Provided by the SAO/NASA Astrophysics Data System}
}

@ARTICLE{Kelvin14,
   author = {{Kelvin}, L.~S. and {Driver}, S.~P. and {Robotham}, A.~S.~G. and 
    {Taylor}, E.~N. and {Graham}, A.~W. and {Alpaslan}, M. and {Baldry}, I. and 
    {Bamford}, S.~P. and {Bauer}, A.~E. and {Bland-Hawthorn}, J. and 
    {Brown}, M.~J.~I. and {Colless}, M. and {Conselice}, C.~J. and 
    {Holwerda}, B.~W. and {Hopkins}, A.~M. and {Lara-L{\'o}pez}, M.~A. and 
    {Liske}, J. and {L{\'o}pez-S{\'a}nchez}, {\'A}.~R. and {Loveday}, J. and 
    {Norberg}, P. and {Phillipps}, S. and {Popescu}, C.~C. and {Prescott}, M. and 
    {Sansom}, A.~E. and {Tuffs}, R.~J.},
    title = "{Galaxy And Mass Assembly (GAMA): stellar mass functions by Hubble type}",
  journal = {\mnras},
archivePrefix = "arXiv",
   eprint = {1407.7555},
 keywords = {galaxies: elliptical and lenticular, cD, galaxies: fundamental parameters, galaxies: luminosity function, mass function, galaxies: spiral},
     year = 2014,
    month = oct,
   volume = 444,
    pages = {1647-1659},
      doi = {10.1093/mnras/stu1507},
   adsurl = {http://adsabs.harvard.edu/abs/2014MNRAS.444.1647K},
  adsnote = {Provided by the SAO/NASA Astrophysics Data System}
}

